% Encoding: windows-1252

@article{krizhevsky:2012,
	title     = {Imagenet classification with deep convolutional neural networks},
	publisher = {NIPS},
	year      = {2012},
	author    = {Krizhevsky et al.}
}

@article{hinton:2012,
	title     = {Deep neural networks for acoustic modeling in speech recognition},
	publisher = {Signal Processing Magazine},
	year      = {2012},
	author    = {Hinton et al.}
}

@article{cheng:2015,
	title     = {The Whitney extension theorem in high dimensions},
	publisher = {arXiv preprint arXiv:1508.01779},
	year      = {2015},
	author    = {Cheng Alan}
}

@book{dougherty:1989,
	title = {Nonnegativity, monotonicity, or convexity preserving cubic and quintic Hermite interpolation},
	publisher = {Mathematics of Computation},
	year = {1989},
	author = {Randall L Dougherty, Alan S Edelman, and James M Hyman},
	volume = {52(186)},
	pages = {471-494}
}

@book{lojasiewicz:1963,
	title = {A topological property of real analytic subsets },
	publisher = {Coll. du CNRS, Les equations aux derivees partielles},
	year = {1963},
	author = {S. Lojasiewicz},
	pages = {87-89}
}

@book{polyak:1963,
	title = {Gradient methods for minimizing functionals},
	publisher = {Zh. Vychisl. Mat. Fiz},
	year = {1963},
	author = {B. T. Polyak},
	pages = {643-653}
}

@book{robbins:1951,
	title     = {A Stochastic Approximation Model},
	publisher = {The Annal of Mathematical Statistics},
	volume = {22(3)},
	pages= {400-407},
	year      = {1951},
	author    = {H. Robbins and S. Monro}
}

@book{lee:2016,
	title     = {Gradient descent only converges to minimizers},
	publisher = {Conference on learning theory},
	year      = {2016},
	author    = {Lee et al.},
	pages = {1246-1257}
}

@book{leCun:1998,
	title     = {Neural Networks: Tricks of the trade},
	publisher = {Springer},
	year      = {1998},
	author    = {LeCun et al.}
}

@BOOK{nesterov:2004,
	title = {Introductory Lectures on Convex Optimization},
	publisher = {Springer Science \& Business Media},
	year = {2004},
	author = {Yurii  Nesterov},
	volume = {87}
}

@ARTICLE{knuth:1974,
	author = {Knuth, Donald E.},
	title = {{C}omputer {P}rogramming as an {A}rt},
	journal = {Communications of the ACM},
	year = {1974},
	volume = {17},
	pages = {667--673},
	number = {12},
	address = {New York, NY, USA},
	publisher = {ACM Press}
}

@Comment{jabref-meta: databaseType:bibtex;}